%% This BibTeX bibliography file was created using BibDesk.
%% http://bibdesk.sourceforge.net/

%% Created for Nuks at 2017-08-24 00:45:31 +0200 


%% Saved with string encoding Unicode (UTF-8) 



@webpage{bio:introduccion-jsf,
	Date-Added = {2017-08-23 19:54:08 +0000},
	Date-Modified = {2017-08-23 19:55:06 +0000},
	Keywords = {javaserver faces},
	Title = {Introducci{\'o}n a JavaServer Faces},
	Url = {http://www.jtech.ua.es/j2ee/publico/jsf-2012-13/sesion01-apuntes.html}}

@webpage{bio:onj2ee,
	Date-Added = {2017-08-23 15:21:10 +0000},
	Date-Modified = {2017-08-23 19:55:16 +0000},
	Keywords = {onj2ee, palataforma j2ee},
	Title = {OnJ2EE, blog sobre la plataforma J2EE},
	Url = {http://onj2ee.blogspot.com.es/}}

@webpage{bio:primefaces,
	Date-Added = {2017-08-23 15:10:21 +0000},
	Date-Modified = {2017-08-23 15:11:43 +0000},
	Keywords = {PrimeFaces},
	Title = {PrimeFaces},
	Url = {https://www.primefaces.org/}}

@webpage{bio:wikipedia-modelo-vista-controlador,
	Author = {Wikipedia},
	Date-Added = {2017-08-23 14:40:30 +0000},
	Date-Modified = {2017-08-23 14:42:01 +0000},
	Keywords = {Patr{\'o}n Modelo-Vista-Controlador, Modelo-Vista-Controlador},
	Title = {Patr{\'o}n Modelo-Vista-Controlador},
	Url = {https://es.wikipedia.org/wiki/Modelo%E2%80%93vista%E2%80%93controlador},
	Bdsk-Url-1 = {https://es.wikipedia.org/wiki/Modelo%E2%80%93vista%E2%80%93controlador}}

@webpage{bio:wikipedia-programacion-por-capas,
	Author = {Wikipedia},
	Date-Added = {2017-08-23 14:38:52 +0000},
	Date-Modified = {2017-08-23 14:42:23 +0000},
	Keywords = {programaci{\'o}n por capas, arquitectura 3 capas},
	Title = {Programaci{\'o}n por Capas},
	Url = {https://es.wikipedia.org/wiki/Programaci%C3%B3n_por_capas}}
