
@BOOK{EJBBook,
author = {Bert Bates y Kathy Sierra},
title = {Head First EJB},
publisher = {O'Reilly Media},
month = {Junio},
year = {2009}
}

@MISC{github-booking,
author = {GitHub},
key = {GitHub},
title = {Repositorio donde se encuentra este PFC},
note = {https://github.com/JesusSoriano/gestor-reservas}
}

@MISC{JesusSoriano,
author = {Jes\'us Soriano},
key = {Jes\'us Soriano},
title = {Web {Oficial Jes\'us Soriano}},
note = {www.jesussoriano.es}
}

@MISC{ProgPorCapas,
author = {Wikipedia},
title = {Programaci\'on por {Capas}},
note = {es.wikipedia.org/wiki/Programaci\'on\_por\_capas}
}

@MISC{ModeloVistaControlador,
author = {Wikipedia},
title = {Modelo {Vista Controlador}},
note = {es.wikipedia.org/wiki/Modelo?vista?controlador}
}

@MISC{NetBeans,
title = {Web {Oficial NetBeans}},
key = {NetBeans},
note = {www.netbeans.org}
}

@MISC{JDK,
title = {{JDK}},
key = {JDK},
note = {http://www.oracle.com/technetwork/java/javase/downloads/jdk8-downloads-2133151.html}
}

@MISC{NetBeans-con-JDK,
title = {Descargar {NetBeans con JDK}},
key = {NetBeans-con-JDK},
note = {http://www.oracle.com/technetwork/java/javase/downloads/jdk-netbeans-jsp-142931.html}
}

@MISC{IntroduccionJSF,
author = {Departamento de Ciencia de la Computaci\'on e Inteligencia Artificial, Universidad de Alicante},
title = {Introducci\'on a {JavaServer Faces}},
key = {IntroduccionJSF},
note = {http://www.jtech.ua.es/j2ee/publico/jsf-2012-13/sesion01-apuntes.html}
}

@MISC{PrimeFaces,
title = {Web {Oficial PrimeFaces}},
key = {PrimeFaces},
note = {www.primefaces.org}
}

@MISC{EJB,
author = {Departamento de Ciencia de la Computaci\'on e Inteligencia Artificial, Universidad de Alicante},
title = {Introducci\'on a la {Tecnolog\'ia EJB}},
key = {EJB},
note = {www.jtech.ua.es/j2ee/2003-2004/abierto-j2ee-2003-2004/ejb/sesion01-apuntes.htm}
}

@MANUAL{JPA,
title = {Introduction to the Java Persistence API, The Java EE 6 Tutorial},
note = {docs.oracle.com/javaee/6/tutorial/doc/bnbpz.html},
organization = {Oracle}
}

@MISC{PostgreSQL,
title = {Web {Oficial PostgreSQL}},
key = {PostgreSQL},
note = {www.postgresql.org/about}
}

@MISC{pgAdmin,
title = {Web {Oficial pgAdmin}},
key = {pgAdmin},
note = {www.pgadmin.org}
}

@MISC{Git,
title = {Web {Oficial Git}},
key = {Git},
note = {www.git-scm.com}
}

@MISC{GitHub,
title = {Web {Oficial GitHub}},
key = {GitHub},
note = {www.github.com}
}

@MISC{CoreSport,
title = {Web {Oficial CoreSport}},
key = {CoreSport},
note = {www.coresport.es}
}

@MISC{Brackets,
title = {Web {Oficial Brackets}},
key = {Brackets},
note = {www.brackets.io}
}

@MISC{FileZilla,
title = {Web {Oficial FileZilla}},
key = {FileZilla},
note = {www.filezilla-project.org},
}

@MISC{BOE18ene17,
title = {BOE {N\'um. 15, Mi\'ercoles 18 de enero de 2017, Sec. III. P\'ag.} 4373},
key = {BOE18ene17},
note = {https://www.boe.es/boe/dias/2017/01/18/pdfs/BOE-A-2017-542.pdf},
month = {Enero},
year = {2017}
}

